@inproceedings{FischlinHMMWB23,
  author       = {Marc Fischlin and
                  Jonas von der Heyden and
                  Marian Margraf and
                  Frank Morgner and
                  Andreas Wallner and
                  Holger Bock},
  editor       = {Felix G{\"{u}}nther and
                  Julia Hesse},
  title        = {Post-quantum Security for the Extended Access Control Protocol},
  booktitle    = {Security Standardisation Research - 8th International Conference,
                  {SSR} 2023, Lyon, France, April 22-23, 2023, Proceedings},
  series       = {Lecture Notes in Computer Science},
  volume       = {13895},
  pages        = {22--52},
  publisher    = {Springer},
  year         = {2023},
  url          = {https://doi.org/10.1007/978-3-031-30731-7\_2},
  doi          = {10.1007/978-3-031-30731-7\_2},
  timestamp    = {Wed, 17 May 2023 21:55:37 +0200},
  biburl       = {https://dblp.org/rec/conf/secsr/FischlinHMMWB23.bib},
  bibsource    = {dblp computer science bibliography, https://dblp.org}
}
@article{HeydenSBAZJD25,
  author       = {Jonas von der Heyden and
                  Nils Schl{\"{u}}ter and
                  Philipp Binfet and
                  Martin Asman and
                  Markus Zdrallek and
                  Tibor Jager and
                  Moritz Schulze Darup},
  title        = {Privacy-Preserving Power Flow Analysis via Secure Multi-Party Computation},
  journal      = {{IEEE} Trans. Smart Grid},
  volume       = {16},
  number       = {1},
  pages        = {344--355},
  year         = {2025},
  url          = {https://doi.org/10.1109/TSG.2024.3453491},
  doi          = {10.1109/TSG.2024.3453491},
  timestamp    = {Sat, 25 Jan 2025 23:48:14 +0100},
  biburl       = {https://dblp.org/rec/journals/tsg/HeydenSBAZJD25.bib},
  bibsource    = {dblp computer science bibliography, https://dblp.org}
}
@inproceedings{AcharyaHKP22,
  author       = {Anasuya Acharya and
                  Carmit Hazay and
                  Vladimir Kolesnikov and
                  Manoj Prabhakaran},
  editor       = {Eike Kiltz and
                  Vinod Vaikuntanathan},
  title        = {{SCALES} - {MPC} with Small Clients and Larger Ephemeral Servers},
  booktitle    = {Theory of Cryptography - 20th International Conference, {TCC} 2022,
                  Chicago, IL, USA, November 7-10, 2022, Proceedings, Part {II}},
  series       = {Lecture Notes in Computer Science},
  volume       = {13748},
  pages        = {502--531},
  publisher    = {Springer},
  year         = {2022},
  url          = {https://doi.org/10.1007/978-3-031-22365-5\_18},
  doi          = {10.1007/978-3-031-22365-5\_18},
  timestamp    = {Wed, 17 Apr 2024 21:39:19 +0200},
  biburl       = {https://dblp.org/rec/conf/tcc/AcharyaHKP22.bib},
  bibsource    = {dblp computer science bibliography, https://dblp.org}
}
@article{KILTHAU2025124606,
title = {A decentralized optimization approach for scalable agent-based energy dispatch and congestion management},
journal = {Applied Energy},
volume = {377},
pages = {124606},
year = {2025},
issn = {0306-2619},
doi = {https://doi.org/10.1016/j.apenergy.2024.124606},
url = {https://www.sciencedirect.com/science/article/pii/S0306261924019895},
author = {Maximilian Kilthau and Vincent Henkel and Lukas Peter Wagner and Felix Gehlhoff and Alexander Fay},
}
@article{LasryBT23,
  author       = {George Lasry and
                  Norbert Biermann and
                  Satoshi Tomokiyo},
  title        = {Deciphering Mary Stuart's lost letters from 1578-1584},
  journal      = {Cryptologia},
  volume       = {47},
  number       = {2},
  pages        = {101--202},
  year         = {2023},
  url          = {https://doi.org/10.1080/01611194.2022.2160677},
  doi          = {10.1080/01611194.2022.2160677},
  timestamp    = {Sat, 13 May 2023 01:07:15 +0200},
  biburl       = {https://dblp.org/rec/journals/cryptologia/LasryBT23.bib},
  bibsource    = {dblp computer science bibliography, https://dblp.org}
}
@inproceedings{PierrotDGZ23,
  author       = {C{\'{e}}cile Pierrot and
                  Camille Desenclos and
                  Pierrick Gaudry and
                  Paul Zimmermann},
  editor       = {Carola Dahlke and
                  Matthias G{\"{o}}ggerle},
  title        = {Deciphering Charles Quint {(A} diplomatic letter from 1547)},
  booktitle    = {Proceedings of the 6th International Conference on Historical Cryptology,
                  HistoCrypt 2023, Munich, Germany, June 20-22, 2023},
  series       = {Link{\"{o}}ping Electronic Conference Proceedings},
  volume       = {195},
  pages        = {148--159},
  publisher    = {Link{\"{o}}ping University Electronic Press},
  year         = {2023},
  url          = {https://doi.org/10.3384/ecp195704},
  doi          = {10.3384/ECP195704},
  timestamp    = {Wed, 13 Sep 2023 16:08:43 +0200},
  biburl       = {https://dblp.org/rec/conf/histocrypt/PierrotDGZ23.bib},
  bibsource    = {dblp computer science bibliography, https://dblp.org}
}
@inproceedings{GentryHKMNRY21,
  author       = {Craig Gentry and
                  Shai Halevi and
                  Hugo Krawczyk and
                  Bernardo Magri and
                  Jesper Buus Nielsen and
                  Tal Rabin and
                  Sophia Yakoubov},
  editor       = {Tal Malkin and
                  Chris Peikert},
  title        = {{YOSO:} You Only Speak Once - Secure {MPC} with Stateless Ephemeral
                  Roles},
  booktitle    = {Advances in Cryptology - {CRYPTO} 2021 - 41st Annual International
                  Cryptology Conference, {CRYPTO} 2021, Virtual Event, August 16-20,
                  2021, Proceedings, Part {II}},
  series       = {Lecture Notes in Computer Science},
  volume       = {12826},
  pages        = {64--93},
  publisher    = {Springer},
  year         = {2021},
  url          = {https://doi.org/10.1007/978-3-030-84245-1\_3},
  doi          = {10.1007/978-3-030-84245-1\_3},
  timestamp    = {Sun, 06 Oct 2024 20:58:52 +0200},
  biburl       = {https://dblp.org/rec/conf/crypto/GentryHKMNRY21.bib},
  bibsource    = {dblp computer science bibliography, https://dblp.org}
}
@inproceedings{BosCIV17,
  author       = {Joppe W. Bos and
                  Wouter Castryck and
                  Ilia Iliashenko and
                  Frederik Vercauteren},
  editor       = {Marc Joye and
                  Abderrahmane Nitaj},
  title        = {Privacy-Friendly Forecasting for the Smart Grid Using Homomorphic
                  Encryption and the Group Method of Data Handling},
  booktitle    = {Progress in Cryptology - {AFRICACRYPT} 2017 - 9th International Conference
                  on Cryptology in Africa, Dakar, Senegal, May 24-26, 2017, Proceedings},
  series       = {Lecture Notes in Computer Science},
  volume       = {10239},
  pages        = {184--201},
  year         = {2017},
  url          = {https://doi.org/10.1007/978-3-319-57339-7\_11},
  doi          = {10.1007/978-3-319-57339-7\_11},
  timestamp    = {Wed, 25 Sep 2019 18:07:07 +0200},
  biburl       = {https://dblp.org/rec/conf/africacrypt/BosCIV17.bib},
  bibsource    = {dblp computer science bibliography, https://dblp.org}
}
@inproceedings{BonehHHO08,
  author       = {Dan Boneh and
                  Shai Halevi and
                  Michael Hamburg and
                  Rafail Ostrovsky},
  editor       = {David A. Wagner},
  title        = {Circular-Secure Encryption from Decision Diffie-Hellman},
  booktitle    = {Advances in Cryptology - {CRYPTO} 2008, 28th Annual International
                  Cryptology Conference, Santa Barbara, CA, USA, August 17-21, 2008.
                  Proceedings},
  series       = {Lecture Notes in Computer Science},
  volume       = {5157},
  pages        = {108--125},
  publisher    = {Springer},
  year         = {2008},
  url          = {https://doi.org/10.1007/978-3-540-85174-5\_7},
  doi          = {10.1007/978-3-540-85174-5\_7},
  timestamp    = {Tue, 14 May 2019 10:00:48 +0200},
  bibsource    = {dblp computer science bibliography, https://dblp.org}
}
@inproceedings{Chaum82,
  author       = {David Chaum},
  editor       = {David Chaum and
                  Ronald L. Rivest and
                  Alan T. Sherman},
  title        = {Blind Signatures for Untraceable Payments},
  booktitle    = {Advances in Cryptology: Proceedings of {CRYPTO} '82, Santa Barbara,
                  California, USA, August 23-25, 1982},
  pages        = {199--203},
  publisher    = {Plenum Press, New York},
  year         = {1982},
  url          = {https://doi.org/10.1007/978-1-4757-0602-4\_18},
  doi          = {10.1007/978-1-4757-0602-4\_18},
}
@inproceedings{HHJ25,
  author       = {Raphael Heitjohann and
                  Jonas von der Heyden and
                  Tibor Jager},
  title        = {Rerandomizable Garbling, Revisited},
  booktitle    = {Advances in Cryptology - {CRYPTO} 2025, 45th Annual International
                  Cryptology Conference, Santa Barbara, CA, USA, August 17-21, 2025.
                  Proceedings},
  series       = {Lecture Notes in Computer Science},
  publisher    = {Springer},
  year         = {2025},
  url          = {https://eprint.iacr.org/2025/843},
  bibsource    = {dblp computer science bibliography, https://dblp.org}
}